@manual{mastodonapi,
author = {{Mastodon developers}},
year = "2022",
title = "Mastodon API",
url = "https://docs.joinmastodon.org/api/"
}

@book{zimmer2017internet,
  title={Internet research ethics for the social age: New challenges, cases, and contexts},
  author={Zimmer, Michael and Kinder-Kurlanda, Katharina},
  year={2017},
  publisher={{Peter Lang International Academic Publishers}}
}

@article{rtweet-package,
    title = {rtweet: Collecting and analyzing Twitter data},
    author = {Michael W. Kearney},
    year = {2019},
    note = {R package version 0.7.0},
    journal = {Journal of Open Source Software},
    volume = {4},
    number = {42},
    pages = {1829},
    doi = {10.21105/joss.01829},
    url = {https://joss.theoj.org/papers/10.21105/joss.01829},
  }

@Article{zulli:2020:R,
  author       = {Zulli, Diana and Liu, Miao and Gehl, Robert},
  title	       = {Rethinking the ``social'' in ``social media'': Insights
                  into topology, abstraction, and scale on the
                  Mastodon social network},
  journal      = {New Media \& Society},
  year	       = 2020,
  volume       = 22,
  number       = 7,
  month	       = {Jul},
  pages	       = {1188–1205},
  issn	       = {1461-7315},
  doi	       = {10.1177/1461444820912533},
  url	       = {http://dx.doi.org/10.1177/1461444820912533},
  publisher    = {SAGE Publications}
}

@Article{la:2022:NAI,
  author       = {{La Cava}, Lucio and Greco, Sergio and Tagarelli,
                  Andrea},
  title	       = {{Network Analysis of the Information
                  Consumption-Production Dichotomy in Mastodon User
                  Behaviors}},
  journal      = {Proceedings of the International AAAI Conference on
                  Web and Social Media},
  year	       = 2022,
  volume       = 16,
  month	       = {May},
  pages	       = {1378–1382},
  issn	       = {2162-3449},
  doi	       = {10.1609/icwsm.v16i1.19391},
  url	       = {http://dx.doi.org/10.1609/icwsm.v16i1.19391},
  publisher    = {Association for the Advancement of Artificial
                  Intelligence (AAAI)}
}

@misc{huang_2022,
title={What is Mastodon and why are people leaving twitter for it?},
url={https://www.nytimes.com/2022/11/07/technology/mastodon-twitter-elon-musk.html},
journal={The New York Times},
publisher={The New York Times},
author={Huang, Kalley},
year={2022},
month={Nov}}

@Article{zhou:2019:E,
  author       = {Zhou, Yuchen and Dredze, Mark and Broniatowski,
                  David A. and Adler, William D.},
  title	       = {Elites and foreign actors among the alt-right: The
                  Gab social media platform},
  journal      = {First Monday},
  year	       = 2019,
  month	       = {Aug},
  issn	       = {1396-0466},
  doi	       = {10.5210/fm.v24i9.10062},
  url	       = {http://dx.doi.org/10.5210/fm.v24i9.10062},
  publisher    = {University of Illinois Libraries}
}

@Article{zannettou:2018:WG,
  author       = {Zannettou, Savvas and Bradlyn, Barry and De
                  Cristofaro, Emiliano and Kwak, Haewoon and
                  Sirivianos, Michael and Stringini, Gianluca and
                  Blackburn, Jeremy},
  title	       = {What is Gab},
  journal      = {Companion of the The Web Conference 2018 on The Web
                  Conference 2018 - WWW ’18},
  year	       = 2018,
  doi	       = {10.1145/3184558.3191531},
  url	       = {http://dx.doi.org/10.1145/3184558.3191531},
  publisher    = {ACM Press}
}

